@inproceedings{Lowe1999,
author = {Lowe, D.G.},
booktitle = {Proceedings of the Seventh IEEE International Conference on Computer Vision},
doi = {10.1109/ICCV.1999.790410},
isbn = {0-7695-0164-8},
pages = {1150--1157 vol.2},
publisher = {IEEE},
title = {{Object recognition from local scale-invariant features}},
url = {http://ieeexplore.ieee.org/document/790410/},
year = {1999}
}
@article{Lowe2004,
author = {Lowe, David G.},
doi = {10.1023/B:VISI.0000029664.99615.94},
issn = {0920-5691},
journal = {International Journal of Computer Vision},
number = {2},
pages = {91--110},
title = {{Distinctive Image Features from Scale-Invariant Keypoints}},
url = {http://link.springer.com/10.1023/B:VISI.0000029664.99615.94},
volume = {60},
year = {2004}
}
@phdthesis{mikolajczyk:tel-00584096,
author = {Mikolajczyk, Krystian},
keywords = {Interest points ; feature detection ; affine invariance},
school = {Institut National Polytechnique de Grenoble - INPG},
title = {{Detection of local features invariant to affines transformations}},
type = {Theses},
url = {https://theses.hal.science/tel-00584096},
year = {2002}
}
@article{Sanchez2018,
abstract = {In this work, we present an implementation and thorough study of the Harris corner detector. This feature detector relies on the analysis of the eigenvalues of the autocorrelation matrix. The algorithm comprises seven steps, including several measures for the classification of corners, a generic non-maximum suppression method for selecting interest points, and the possibility to obtain the corners position with subpixel accuracy. We study each step in detail and propose several alternatives for improving the precision and speed. The experiments analyze the repeatability rate of the detector using different types of transformations.},
author = {S{\'{a}}nchez, Javier and Monz{\'{o}}n, Nelson and Salgado, Agust{\'{i}}n},
doi = {10.5201/ipol.2018.229},
issn = {21051232},
journal = {Image Processing On Line},
keywords = {Autocorrelation matrix,Feature detector,Harris corner,Interest point,Non-maximum suppression},
number = {March},
pages = {305--328},
title = {{An analysis and implementation of the harris corner detector}},
volume = {8},
year = {2018}
}
@book{Gonzalez2018,
author = {Gonzalez, Rafael C. and Woods, Richard E.},
edition = {4},
file = {:C$\backslash$:/Users/User/Documents/GitHub/Skripsi/docs/latex{\_}source/pdf/Digital.Image.Processing.4th.Edition.Gonzalez{\&}Woods.pdf:pdf},
isbn = {978-0-13-335672-4},
publisher = {Pearson},
title = {{Digital Image Processing}},
url = {https://books.google.com/books?id=0F05vgAACAAJ},
year = {2018}
}
@article{Harris2013,
abstract = {Consistency of image edge filtering is of prime importance for 3D interpretation of image sequences using feature tracking algorithms. To cater for image regions containing texture and isolated features, a combined corner and edge detector based on the local auto-correlation function is utilised, and it is shown to perform with good consistency on natural imagery.},
author = {Harris, C. and Stephens, M.},
doi = {10.5244/c.2.23},
file = {:C$\backslash$:/Users/User/AppData/Local/Mendeley Ltd./Mendeley Desktop/Downloaded/Harris, Stephens - 2013 - A Combined Corner and Edge Detector(2).pdf:pdf},
pages = {23.1--23.6},
title = {{A Combined Corner and Edge Detector}},
year = {2013}
}
@article{Mikolajczyk2004,
abstract = {In this paper we propose a novel approach for detecting interest points invariant to scale and affine transformations. Our scale and affine invariant detectors are based on the following recent results: (1) Interest points extracted with the Harris detector can be adapted to affine transformations and give repeatable results (geometrically stable). (2) The characteristic scale of a local structure is indicated by a local extremum over scale of normalized derivatives (the Laplacian). (3) The affine shape of a point neighborhood is estimated based on the second moment matrix. Our scale invariant detector computes a multi-scale representation for the Harris interest point detector and then selects points at which a local measure (the Laplacian) is maximal over scales. This provides a set of distinctive points which are invariant to scale, rotation and translation as well as robust to illumination changes and limited changes of viewpoint. The characteristic scale determines a scale invariant region for each point. We extend the scale invariant detector to affine invariance by estimating the affine shape of a point neighborhood. An iterative algorithm modifies location, scale and neighborhood of each point and converges to affine invariant points. This method can deal with significant affine transformations including large scale changes. The characteristic scale and the affine shape of neighborhood determine an affine invariant region for each point. We present a comparative evaluation of different detectors and show that our approach provides better results than existing methods. The performance of our detector is also confirmed by excellent matching results; the image is described by a set of scale/affine invariant descriptors computed on the regions associated with our points.},
author = {Mikolajczyk, Krystian and Schmid, Cordelia},
doi = {10.1023/B:VISI.0000027790.02288.f2},
file = {:C$\backslash$:/Users/User/AppData/Local/Mendeley Ltd./Mendeley Desktop/Downloaded/Mikolajczyk, Schmid - 2004 - Scale {\&} affine invariant interest point detectors(2).pdf:pdf},
issn = {09205691},
journal = {International Journal of Computer Vision},
keywords = {Affine invariance,Interest points,Local features,Matching,Recognition,Scale invariance},
number = {1},
pages = {63--86},
title = {{Scale {\&} affine invariant interest point detectors}},
volume = {60},
year = {2004}
}
@article{Diansari2013,
abstract = {Ikan nila (Oreochromis niloticus) di Indonesia merupakan salah satu ikan air tawar yang memiliki nilai ekonomis tinggi dan merupakan komoditas penting dalam bisnis ikan air tawar dunia, cara budidaya yang relatif mudah, rasa yang disukai banyak orang, harga yang relatif terjangkau dan toleransi terhadap lingkungan yang lebih tinggi. Peningkatan padat tebar hingga mencapai daya dukung maksimum akan menyebabkan pertumbuhan ikan menurun. Peningkatan padat penebaran akan diikuti dengan peningkatan jumlah pakan, buangan metabolisme tubuh, konsumsi oksigen, dan dapat menurunkan kualitas air. Penurunan kualitas air akan mengakibatkan ikan menjadi stres sehingga pertumbuhan menurun dan ikan rentan mengalami kematian. Tujuan dari penelitian ini adalah untuk mengetahui pengaruh kepadatan yang berbeda terhadap kelulushidupan dan pertumbuhan ikan nila (O.niloticus) pada sistem resirkulasi dengan filter zeolit, mengetahui jumlah kepadatan ikan terbaik yang menghasilkan kelulushidupan dan pertumbuhan benih ikan nila (O. niloticus) dan mengetahui efektifitas filter zeolit. Materi yang digunakan adalah berupa kepadatan ikan nila yang berbeda dalam sistem resirkulasi dengan filter zeolit serta hewan uji berupa benih ikan nila ukuran 4-6 cm dengan padat tebar 10, 15, dan 20 ekor . Metode yang digunakan dalam penelitian ini adalah metode eksperimental, menggunakan rancangan acak lengkap (RAL) dengan menggunakan 3 perlakuan dan 3 kali ulangan, yaitu perlakuan A (kepadatan 10 ekor), perlakuan B (kepadatan 15 ekor), dan perlakuan C (kepadatan 20 ekor). Data yang dikumpulkan meliputi pertumbuhan panjang mutlak, laju pertumbuhan spesifik, kadar ammonia, kelulushidupan, dan kualitas air. Hasil penelitian menunjukkan bahwa pengaruh padat penebaran yang berbeda memberikan pengaruh yang sangat nyata (P{\textless}0,01) terhadap pertumbuhan ikan nila, tetapi tidak berpengaruh nyata (P{\textgreater}0,05) terhadap kelulushidupan. Kelulushidupan dari setiap perlakuan adalah perlakuan A sebesar 86,67±5,77 {\%}, perlakuan B sebesar 84,44±3,85 {\%}, dan perlakuan C sebesar 78,33±2,89 {\%}. Rata-rata pertumbuhan panjang ikan nila tertinggi pada perlakuan A sebesar 3,53±0,06 cm, yang terendah pada perlakuan C sebesar 2,57±0,06 cm. Rata-rata laju pertumbuhan spesifik ikan nila tertinggi pada perlakuan A sebesar 2,45±0,07 {\%}/hari, yang terendah adalah perlakuan C yaitu sebesar 1,76±0,05 {\%}/hari. Efektifitas filter zeolit pada perlakuan A dapat bekerja hingga batas akhir penelitian, dibandingkan dengan perlakuan B dan C yang hanya mencapai hari ke 20.},
author = {Diansari, RR.Vanya Rhossitha and Endang, Arini and Tita, Elfitasari},
file = {:C$\backslash$:/Users/User/AppData/Local/Mendeley Ltd./Mendeley Desktop/Downloaded/Diansari, Endang, Tita - 2013 - PENGARUH KEPADATAN YANG BERBEDA TERHADAP KELULUSHIDUPAN DAN PERTUMBUHAN IKAN NILA (Oreochromis niloti(2).pdf:pdf},
journal = {Jurnal Aquakultur Manajemen dan Teknologi},
keywords = {Tilapia,density,growth,resirculation,survival rate},
number = {3},
pages = {37--45},
title = {{PENGARUH KEPADATAN YANG BERBEDA TERHADAP KELULUSHIDUPAN DAN PERTUMBUHAN IKAN NILA (Oreochromis niloticus) PADA SISTEM RESIRKULASI DENGAN FILTER ZEOLIT}},
url = {https://ejournal3.undip.ac.id/index.php/jamt/article/view/4791},
volume = {2},
year = {2013}
}
@article{Amri2020,
abstract = {Dalam melakukan pembudidayaan ikan lele, biasanya terdapat kendala dalam melakukan penghitungan bibit atau jumlah ikan yang ingin dibeli ataupun dipasarkan, karena biasanya dalam membeli ataupun menjual bibit ini hingga mencapai ribuan ekor bibit ikan, dengan jumlah bibit yang terlalu banyak akan sangat tidak efektif apabila dihitung secara satu persatu ataupun menakar dengan menggunakan sebuah tempat. Dengan adanya penelitian ini tentunya bertujuan memudahkan pembudidaya ikan lele dalam menghitung bibit ikan yang akan mereka beli, serta agar pembudidaya ikan lele ini dalam membeli ikan tidak merasa rugi dan tidak membutuhkan waktu lama dalam menghitung. Maka diperlukan sebuah alat yang dapat menghitung ikan secara otomatis untuk memudahkan mengelola kegiatan usaha mereka. Solusi yang diusulkan untuk mengatasi masalah ini adalah membuat sebuah pengembangan sistem alat penghitung bibit ikan lele berbasis Arduino dengan menggunakan teknologi sensor proximity E18-D80NK. Perangkat penghitung terdiri dari sistem mekanis dan elektrik. Dimana pada sistem rancang bangun penghitung bibit ikan ini dirancang dengan sebuah tempat penampungan atau tangki yang dapat menampung ikan dan air, kemudian dialirkan menuju outlet tempat ikan keluar yang sudah terdapat sensor untuk mendeteksi apabila ada bibit ikan yang melintas didepannya. Hasil dari penelitian yang telah dilakukan dimana sistem rancang bangun fish counter untuk menghitung bibit ikan lele ini sudah dapat menghitung atau bekerja dengan baik. Dengan persentase error rata- rata 4,07{\%} dari tujuh kali pengujian yang dilakukan. Sehingga tingkat keberhasilan alat ini melebihi 95{\%}. Kesalahan pembacaan terjadi disebabkan oleh dua faktor, yang mana pada saat ikan yang akan dihitung melintas didepan sensor, ikan yang berada didepan, berdempetan dengan kepala ikan yang berada dibelakangnya sehingga bisa menyebabkan pembacaannya hanya terhitung satu ekor bibit ikan saja, selain itu sensor ini sedikit kurang responsive apabila bibit ikan yang melintas didepannya bergerak terlalu cepat dengan waktu dibawah 2 ms.},
author = {Amri, Chaisar Fadli Al},
file = {:C$\backslash$:/Users/User/AppData/Local/Mendeley Ltd./Mendeley Desktop/Downloaded/Amri - 2020 - Rancang Bangun Fish Counter Untuk Menghitung Bibit Ikan Lele(2).pdf:pdf},
journal = {Skripsi Program Sarjana Teknik Elektro, Universitas Islam Indonesia},
keywords = {Arduino vii,BibitIkanLele,Counter},
pages = {1 -- 37},
title = {{Rancang Bangun Fish Counter Untuk Menghitung Bibit Ikan Lele}},
year = {2020}
}
@book{Sporring1997,
   author = {Jon Sporring and Mads Nielsen and Luc Florack and Peter Johansen},
   city = {Dordrecht},
   doi = {10.1007/978-94-015-8802-7},
   editor = {Jon Sporring and Mads Nielsen and Luc Florack and Peter Johansen},
   isbn = {978-90-481-4852-3},
   publisher = {Springer Netherlands},
   title = {Gaussian Scale-Space Theory},
   volume = {8},
   url = {http://link.springer.com/10.1007/978-94-015-8802-7},
   year = {1997}
}

